
@COMMENT{Rado Ivanov - prop_spec.bib -8/20/2014} 
@COMMENT{BibTex for CIS400/401 Project Proposal Specification}
@COMMENT{Note that in practice these citation blocks are found online. You should not be manually entering paper and journal names unless you really cannot find the citation. Usually if you google "[paper name] bibtex" something will come up.

@book{Pierce:TAPL,
  author = {Benjamin C. Pierce},
  title = {Types and Programming Languages},
  publisher = {MIT Press},
  year = 2002,
  plclub = {Yes},
  bcp = {Yes},
  keys = {books},
  homepage = {http://www.cis.upenn.edu/~bcpierce/tapl},
  errata = {http://www.cis.upenn.edu/~bcpierce/tapl/errata.txt}
}

@book{Pierce:SF,
  author = {Benjamin C. Pierce and Chris Casinghino and Marco Gaboardi and
                  Michael Greenberg and C\v{a}t\v{a}lin Hri\c{t}cu 
                  and Vilhelm Sjoberg and Brent Yorgey},
  title = {Software Foundations},
  year = {2014},
  publisher = {Electronic textbook},
  plclub = {Yes},
  bcp = {Yes},
  keys = {poplmark,books},
  japanese = {http://proofcafe.org/sf}
}

@article{tagkey20141,
title = "Shellshock bug has security experts in a panic and hackers searching for exploits ",
journal = "Network Security ",
volume = "2014",
number = "10",
pages = "1 - 2",
year = "2014",
note = "",
issn = "1353-4858",
doi = "http://dx.doi.org/10.1016/S1353-4858(14)70096-0",
url = "http://www.sciencedirect.com/science/article/pii/S1353485814700960",
key = "tagkey20141",
abstract = "A number of serious bugs in the popular Bash shell have been identified. Now labelled ‘Shellshock’ (or ‘Bashdoor’ or ‘Bashbug’), this group of vulnerabilities is being hailed as the biggest security issue in recent times – or at least the biggest since Heartbleed caused widespread panic in the \{IT\} industry. "
}



@inproceedings{DBLP:conf/rta/VytiniotisJ13,
  author    = {Dimitrios Vytiniotis and
               Simon L. Peyton Jones}, 
  title     = {Evidence Normalization in System {FC} (Invited Talk)},
  booktitle = {24th International Conference on Rewriting Techniques and Applications,
               {RTA} 2013, June 24-26, 2013, Eindhoven, The Netherlands},
  year      = {2013},
  pages     = {20--38},
  url       = {http://dx.doi.org/10.4230/LIPIcs.RTA.2013.20},
  doi       = {10.4230/LIPIcs.RTA.2013.20},
  timestamp = {Thu, 02 Oct 2014 05:02:38 +0200},
  biburl    = {http://dblp.uni-trier.de/rec/bib/conf/rta/VytiniotisJ13},
  bibsource = {dblp computer science bibliography, http://dblp.org}
}

@inproceedings{Zhao:2012:FLI:2103656.2103709,
 author = {Zhao, Jianzhou and Nagarakatte, Santosh and Martin, Milo M.K. and Zdancewic, Steve},
 title = {Formalizing the LLVM Intermediate Representation for Verified Program Transformations},
 booktitle = {Proceedings of the 39th Annual ACM SIGPLAN-SIGACT Symposium on Principles of Programming Languages},
 series = {POPL '12},
 year = {2012},
 isbn = {978-1-4503-1083-3},
 location = {Philadelphia, PA, USA},
 pages = {427--440},
 numpages = {14},
 url = {http://doi.acm.org/10.1145/2103656.2103709},
 doi = {10.1145/2103656.2103709},
 acmid = {2103709},
 publisher = {ACM},
 address = {New York, NY, USA},
 keywords = {Coq, LLVM, memory safety},
}

@inproceedings{DBLP:conf/icfp/BreitnerEJW14,
  author    = {Joachim Breitner and
               Richard A. Eisenberg and
               Simon L. Peyton Jones and
               Stephanie Weirich},
  title     = {Safe zero-cost coercions for Haskell},
  booktitle = {Proceedings of the 19th {ACM} {SIGPLAN} international conference on
               Functional programming, Gothenburg, Sweden, September 1-3, 2014},
  pages     = {189--202},
  year      = {2014},
  crossref  = {DBLP:conf/icfp/2014},
  url       = {http://doi.acm.org/10.1145/2628136.2628141},
  doi       = {10.1145/2628136.2628141},
  timestamp = {Thu, 20 Nov 2014 18:09:13 +0100},
  biburl    = {http://dblp.uni-trier.de/rec/bib/conf/icfp/BreitnerEJW14},
  bibsource = {dblp computer science bibliography, http://dblp.org}
}

@book{zhao2013formalizing,
  title={Formalizing the SSA-based Compiler for Verified Advanced Program Transformations},
  author={Zhao, J.},
  url={http://books.google.com/books?id=FTjmngEACAAJ},
  year={2013},
  publisher={University of Pennsylvania}
}

@incollection{series/natosec/CousotC10,
  added-at = {2012-03-14T00:00:00.000+0100},
  author = {Cousot, Patrick and Cousot, Radhia},
  biburl = {http://www.bibsonomy.org/bibtex/2969c35b55266129925234c89045da6cc/dblp},
  booktitle = {Logics and Languages for Reliability and Security},
  editor = {Esparza, Javier and Spanfelner, Bernd and Grumberg, Orna},
  ee = {http://dx.doi.org/10.3233/978-1-60750-100-8-1},
  interhash = {34fb6b3180d834d7ac18c8ae26fe1a81},
  intrahash = {969c35b55266129925234c89045da6cc},
  isbn = {978-1-60750-099-5},
  keywords = {dblp},
  pages = {1-29},
  publisher = {IOS Press},
  series = {NATO Science for Peace and Security Series - D: Information and Communication Security},
  timestamp = {2012-03-14T00:00:00.000+0100},
  title = {A gentle introduction to formal verification of computer systems by abstract interpretation.},
  url = {http://dblp.uni-trier.de/db/series/natosec/natosec25.html#CousotC10},
  volume = 25,
  year = 2010
}

@inproceedings{conf/tldi/SulzmannCJD07,
  added-at = {2007-01-22T00:00:00.000+0100},
  author = {Sulzmann, Martin and Chakravarty, Manuel M. T. and Jones, Simon L. Peyton and Donnelly, Kevin},
  biburl = {http://www.bibsonomy.org/bibtex/29e26c463bb97b78073237b3065e4d284/dblp},
  booktitle = {TLDI},
  editor = {Pottier, Fran\c{c}ois and Necula, George C.},
  ee = {http://doi.acm.org/10.1145/1190315.1190324},
  interhash = {ee323de02d2f93260468e69592a01815},
  intrahash = {9e26c463bb97b78073237b3065e4d284},
  isbn = {1-59593-393-X},
  keywords = {dblp},
  pages = {53-66},
  publisher = {ACM},
  timestamp = {2007-01-22T00:00:00.000+0100},
  title = {System F with type equality coercions.},
  url = {http://dblp.uni-trier.de/db/conf/tldi/tldi2007.html#SulzmannCJD07},
  year = 2007
}

@inproceedings{DBLP:conf/icfp/WeirichHE13,
  author    = {Stephanie Weirich and
               Justin Hsu and
               Richard A. Eisenberg},
  title     = {System {FC} with explicit kind equality},
  booktitle = {{ACM} {SIGPLAN} International Conference on Functional Programming,
               ICFP'13, Boston, MA, {USA} - September 25 - 27, 2013},
  year      = {2013},
  pages     = {275--286},
  crossref  = {DBLP:conf/icfp/2013},
  url       = {http://doi.acm.org/10.1145/2500365.2500599},
  doi       = {10.1145/2500365.2500599},
  timestamp = {Thu, 02 Oct 2014 04:06:13 +0200},
  biburl    = {http://dblp.uni-trier.de/rec/bib/conf/icfp/WeirichHE13},
  bibsource = {dblp computer science bibliography, http://dblp.org}
}
@proceedings{DBLP:conf/icfp/2013,
  editor    = {Greg Morrisett and
               Tarmo Uustalu},
  title     = {{ACM} {SIGPLAN} International Conference on Functional Programming,
               ICFP'13, Boston, MA, {USA} - September 25 - 27, 2013},
  year      = {2013},
  publisher = {{ACM}},
  url       = {http://dl.acm.org/citation.cfm?id=2500365},
  isbn      = {978-1-4503-2326-0},
  timestamp = {Thu, 02 Oct 2014 04:06:13 +0200},
  biburl    = {http://dblp.uni-trier.de/rec/bib/conf/icfp/2013},
  bibsource = {dblp computer science bibliography, http://dblp.org}
}

@INPROCEEDINGS{Coquand90aproof,
    author = {Thierry Coquand and Jean Gallier and Le Chesnay Cedex},
    title = {A Proof of Strong Normalization For the Theory of Constructions Using a Kripke-Like Interpretation},
    booktitle = {In Workshop on Logical Frameworks--Preliminary Proceedings},
    year = {1990}
}

@book{Girard:1989:PT:64805,
 author = {Girard, Jean-Yves and Taylor, Paul and Lafont, Yves},
 title = {Proofs and Types},
 year = {1989},
 isbn = {0-521-37181-3},
 publisher = {Cambridge University Press},
 address = {New York, NY, USA},
} 

@inproceedings{DBLP:conf/tldi/YorgeyWCJVM12,
  author    = {Brent A. Yorgey and
               Stephanie Weirich and
               Julien Cretin and
               Simon L. Peyton Jones and
               Dimitrios Vytiniotis and
               Jos{\'{e}} Pedro Magalh{\~{a}}es},
  title     = {Giving Haskell a promotion},
  booktitle = {Proceedings of {TLDI} 2012: The Seventh {ACM} {SIGPLAN} Workshop on
               Types in Languages Design and Implementation, Philadelphia, PA, USA,
               Saturday, January 28, 2012},
  pages     = {53--66},
  year      = {2012},
  url       = {http://doi.acm.org/10.1145/2103786.2103795},
  doi       = {10.1145/2103786.2103795},
  timestamp = {Fri, 18 May 2012 21:47:05 +0200},
  biburl    = {http://dblp.uni-trier.de/rec/bib/conf/tldi/YorgeyWCJVM12},
  bibsource = {dblp computer science bibliography, http://dblp.org}
}

@inproceedings{Breitner:2014:SZC:2628136.2628141,
 author = {Breitner, Joachim and Eisenberg, Richard A. and Peyton Jones, Simon and Weirich, Stephanie},
 title = {Safe Zero-cost Coercions for Haskell},
 booktitle = {Proceedings of the 19th ACM SIGPLAN International Conference on Functional Programming},
 series = {ICFP '14},
 year = {2014},
 isbn = {978-1-4503-2873-9},
 location = {Gothenburg, Sweden},
 pages = {189--202},
 numpages = {14},
 url = {http://doi.acm.org/10.1145/2628136.2628141},
 doi = {10.1145/2628136.2628141},
 acmid = {2628141},
 publisher = {ACM},
 address = {New York, NY, USA},
 keywords = {coercion, haskell, newtype deriving, type class},
} 

@article{Chargueraud12,
  added-at = {2012-10-25T00:00:00.000+0200},
  author = {Charguéraud, Arthur},
  biburl = {http://www.bibsonomy.org/bibtex/2a3c5b7ccbc4cda390a99a9e51b4125ee/dblp},
  ee = {http://dx.doi.org/10.1007/s10817-011-9225-2},
  interhash = {09db8ab20f8e9c3bb099b08457fa8654},
  intrahash = {a3c5b7ccbc4cda390a99a9e51b4125ee},
  journal = {J. Autom. Reasoning},
  keywords = {dblp},
  number = 3,
  pages = {363-408},
  timestamp = {2012-10-25T00:00:00.000+0200},
  title = {The Locally Nameless Representation.},
  url = {http://dblp.uni-trier.de/db/journals/jar/jar49.html#Chargueraud12},
  volume = 49,
  year = 2012
}

@article{Vouillon12,
  added-at = {2012-10-25T00:00:00.000+0200},
  author = {Vouillon, J\'er\^ome},
  biburl = {http://www.bibsonomy.org/bibtex/2418836f1fb61cb9b896d730d6a7f4461/dblp},
  ee = {http://dx.doi.org/10.1007/s10817-011-9230-5},
  interhash = {f554561fa0841c50792998c100d744c6},
  intrahash = {418836f1fb61cb9b896d730d6a7f4461},
  journal = {J. Autom. Reasoning},
  keywords = {dblp},
  number = 3,
  pages = {327-362},
  timestamp = {2012-10-25T00:00:00.000+0200},
  title = {A Solution to the PoplMark Challenge Based on de Bruijn Indices.},
  url = {http://dblp.uni-trier.de/db/journals/jar/jar49.html#Vouillon12},
  volume = 49,
  year = 2012
}

